%YAML 1.1
%TAG !u! tag:unity3d.com,2011:
--- !u!1 &2571181224813012135
GameObject:
  m_ObjectHideFlags: 0
  m_CorrespondingSourceObject: {fileID: 0}
  m_PrefabInstance: {fileID: 0}
  m_PrefabAsset: {fileID: 0}
  serializedVersion: 6
  m_Component:
  - component: {fileID: 2571181224813012156}
  - component: {fileID: 2571181224813012131}
  - component: {fileID: 2571181224813012129}
  - component: {fileID: 2571181224813012128}
  - component: {fileID: 2571181224813012157}
  - component: {fileID: 2571181224813012158}
  - component: {fileID: 2571181224813012159}
  - component: {fileID: 2571181224813012153}
  m_Layer: 0
  m_Name: Grandpa
  m_TagString: Untagged
  m_Icon: {fileID: 0}
  m_NavMeshLayer: 0
  m_StaticEditorFlags: 0
  m_IsActive: 1
--- !u!4 &2571181224813012156
Transform:
  m_ObjectHideFlags: 0
  m_CorrespondingSourceObject: {fileID: 0}
  m_PrefabInstance: {fileID: 0}
  m_PrefabAsset: {fileID: 0}
  m_GameObject: {fileID: 2571181224813012135}
  m_LocalRotation: {x: 0, y: 0, z: 0, w: 1}
  m_LocalPosition: {x: 7.06, y: 0.906, z: 3.25}
  m_LocalScale: {x: 1, y: 1, z: 1}
  m_Children:
  - {fileID: 9047107863683522035}
  m_Father: {fileID: 0}
  m_RootOrder: 0
  m_LocalEulerAnglesHint: {x: 0, y: 0, z: 0}
--- !u!33 &2571181224813012131
MeshFilter:
  m_ObjectHideFlags: 0
  m_CorrespondingSourceObject: {fileID: 0}
  m_PrefabInstance: {fileID: 0}
  m_PrefabAsset: {fileID: 0}
  m_GameObject: {fileID: 2571181224813012135}
  m_Mesh: {fileID: 10208, guid: 0000000000000000e000000000000000, type: 0}
--- !u!136 &2571181224813012129
CapsuleCollider:
  m_ObjectHideFlags: 0
  m_CorrespondingSourceObject: {fileID: 0}
  m_PrefabInstance: {fileID: 0}
  m_PrefabAsset: {fileID: 0}
  m_GameObject: {fileID: 2571181224813012135}
  m_Material: {fileID: 0}
  m_IsTrigger: 0
  m_Enabled: 1
  m_Radius: 0.5
  m_Height: 2
  m_Direction: 1
  m_Center: {x: 0, y: 0, z: 0}
--- !u!195 &2571181224813012128
NavMeshAgent:
  m_ObjectHideFlags: 0
  m_CorrespondingSourceObject: {fileID: 0}
  m_PrefabInstance: {fileID: 0}
  m_PrefabAsset: {fileID: 0}
  m_GameObject: {fileID: 2571181224813012135}
  m_Enabled: 1
  m_AgentTypeID: 0
  m_Radius: 0.5
  m_Speed: 3.5
  m_Acceleration: 8
  avoidancePriority: 50
  m_AngularSpeed: 120
  m_StoppingDistance: 0
  m_AutoTraverseOffMeshLink: 1
  m_AutoBraking: 1
  m_AutoRepath: 1
  m_Height: 2
  m_BaseOffset: 1
  m_WalkableMask: 4294967295
  m_ObstacleAvoidanceType: 4
--- !u!114 &2571181224813012157
MonoBehaviour:
  m_ObjectHideFlags: 0
  m_CorrespondingSourceObject: {fileID: 0}
  m_PrefabInstance: {fileID: 0}
  m_PrefabAsset: {fileID: 0}
  m_GameObject: {fileID: 2571181224813012135}
  m_Enabled: 1
  m_EditorHideFlags: 0
  m_Script: {fileID: 11500000, guid: 2102020c09b2361458cfb506592ec02a, type: 3}
  m_Name: 
  m_EditorClassIdentifier: 
  stun: 0
  stunTime: 1.4
  anim: {fileID: 0}
--- !u!114 &2571181224813012158
MonoBehaviour:
  m_ObjectHideFlags: 0
  m_CorrespondingSourceObject: {fileID: 0}
  m_PrefabInstance: {fileID: 0}
  m_PrefabAsset: {fileID: 0}
  m_GameObject: {fileID: 2571181224813012135}
  m_Enabled: 1
  m_EditorHideFlags: 0
  m_Script: {fileID: 11500000, guid: b506551649bd9c34582b1d1f602f66dc, type: 3}
  m_Name: 
  m_EditorClassIdentifier: 
  locations:
  - {fileID: 0}
  - {fileID: 0}
  - {fileID: 0}
  - {fileID: 0}
  - {fileID: 0}
  - {fileID: 0}
  - {fileID: 0}
  - {fileID: 0}
  - {fileID: 0}
  - {fileID: 0}
  - {fileID: 0}
  - {fileID: 0}
  - {fileID: 0}
  - {fileID: 0}
  - {fileID: 0}
  - {fileID: 0}
  - {fileID: 0}
  - {fileID: 0}
  currentDestination: -1
--- !u!54 &2571181224813012159
Rigidbody:
  m_ObjectHideFlags: 0
  m_CorrespondingSourceObject: {fileID: 0}
  m_PrefabInstance: {fileID: 0}
  m_PrefabAsset: {fileID: 0}
  m_GameObject: {fileID: 2571181224813012135}
  serializedVersion: 2
  m_Mass: 1
  m_Drag: 0
  m_AngularDrag: 0.05
  m_UseGravity: 0
  m_IsKinematic: 1
  m_Interpolate: 0
  m_Constraints: 112
  m_CollisionDetection: 0
--- !u!136 &2571181224813012153
CapsuleCollider:
  m_ObjectHideFlags: 0
  m_CorrespondingSourceObject: {fileID: 0}
  m_PrefabInstance: {fileID: 0}
  m_PrefabAsset: {fileID: 0}
  m_GameObject: {fileID: 2571181224813012135}
  m_Material: {fileID: 0}
  m_IsTrigger: 1
  m_Enabled: 1
  m_Radius: 1.23
  m_Height: 3.05
  m_Direction: 1
  m_Center: {x: 0, y: 0, z: 0}
--- !u!1001 &3785892050919414533
PrefabInstance:
  m_ObjectHideFlags: 0
  serializedVersion: 2
  m_Modification:
    m_TransformParent: {fileID: 2571181224813012156}
    m_Modifications:
    - target: {fileID: 4239944401327569081, guid: 3c4ef17b2e52d09429fb27a1b6d0a6b7,
        type: 3}
      propertyPath: m_Name
      value: Grandpa (1)
      objectReference: {fileID: 0}
    - target: {fileID: 5262447815677249270, guid: 3c4ef17b2e52d09429fb27a1b6d0a6b7,
        type: 3}
      propertyPath: m_LocalPosition.x
      value: 0
      objectReference: {fileID: 0}
    - target: {fileID: 5262447815677249270, guid: 3c4ef17b2e52d09429fb27a1b6d0a6b7,
        type: 3}
      propertyPath: m_LocalPosition.y
      value: -1.001
      objectReference: {fileID: 0}
    - target: {fileID: 5262447815677249270, guid: 3c4ef17b2e52d09429fb27a1b6d0a6b7,
        type: 3}
      propertyPath: m_LocalPosition.z
      value: 0
      objectReference: {fileID: 0}
    - target: {fileID: 5262447815677249270, guid: 3c4ef17b2e52d09429fb27a1b6d0a6b7,
        type: 3}
      propertyPath: m_LocalRotation.x
      value: 0
      objectReference: {fileID: 0}
    - target: {fileID: 5262447815677249270, guid: 3c4ef17b2e52d09429fb27a1b6d0a6b7,
        type: 3}
      propertyPath: m_LocalRotation.y
      value: 0
      objectReference: {fileID: 0}
    - target: {fileID: 5262447815677249270, guid: 3c4ef17b2e52d09429fb27a1b6d0a6b7,
        type: 3}
      propertyPath: m_LocalRotation.z
      value: 0
      objectReference: {fileID: 0}
    - target: {fileID: 5262447815677249270, guid: 3c4ef17b2e52d09429fb27a1b6d0a6b7,
        type: 3}
      propertyPath: m_LocalRotation.w
      value: 1
      objectReference: {fileID: 0}
    - target: {fileID: 5262447815677249270, guid: 3c4ef17b2e52d09429fb27a1b6d0a6b7,
        type: 3}
      propertyPath: m_RootOrder
      value: 0
      objectReference: {fileID: 0}
    - target: {fileID: 5262447815677249270, guid: 3c4ef17b2e52d09429fb27a1b6d0a6b7,
        type: 3}
      propertyPath: m_LocalEulerAnglesHint.x
      value: 0
      objectReference: {fileID: 0}
    - target: {fileID: 5262447815677249270, guid: 3c4ef17b2e52d09429fb27a1b6d0a6b7,
        type: 3}
      propertyPath: m_LocalEulerAnglesHint.y
      value: 0
      objectReference: {fileID: 0}
    - target: {fileID: 5262447815677249270, guid: 3c4ef17b2e52d09429fb27a1b6d0a6b7,
        type: 3}
      propertyPath: m_LocalEulerAnglesHint.z
      value: 0
      objectReference: {fileID: 0}
    - target: {fileID: 2222855510793163997, guid: 3c4ef17b2e52d09429fb27a1b6d0a6b7,
        type: 3}
      propertyPath: m_Controller
      value: 
      objectReference: {fileID: 9100000, guid: cc14b6a1bc95dde4080ea7c36facd507, type: 2}
    - target: {fileID: 4739030910268154724, guid: 3c4ef17b2e52d09429fb27a1b6d0a6b7,
        type: 3}
      propertyPath: m_Bones.Array.data[0]
      value: 
      objectReference: {fileID: 6783137755036190091}
    - target: {fileID: 4739030910268154724, guid: 3c4ef17b2e52d09429fb27a1b6d0a6b7,
        type: 3}
      propertyPath: m_Bones.Array.data[1]
      value: 
      objectReference: {fileID: 6422060918022757400}
    - target: {fileID: 4739030910268154724, guid: 3c4ef17b2e52d09429fb27a1b6d0a6b7,
        type: 3}
      propertyPath: m_Bones.Array.data[2]
      value: 
      objectReference: {fileID: 426999915970394087}
    - target: {fileID: 4739030910268154724, guid: 3c4ef17b2e52d09429fb27a1b6d0a6b7,
        type: 3}
      propertyPath: m_Bones.Array.data[3]
      value: 
      objectReference: {fileID: 1187218421010621403}
    - target: {fileID: 4739030910268154724, guid: 3c4ef17b2e52d09429fb27a1b6d0a6b7,
        type: 3}
      propertyPath: m_Bones.Array.data[4]
      value: 
      objectReference: {fileID: 4895123916319090460}
    - target: {fileID: 4739030910268154724, guid: 3c4ef17b2e52d09429fb27a1b6d0a6b7,
        type: 3}
      propertyPath: m_Bones.Array.data[5]
      value: 
      objectReference: {fileID: 1176695800512003112}
    - target: {fileID: 4739030910268154724, guid: 3c4ef17b2e52d09429fb27a1b6d0a6b7,
        type: 3}
      propertyPath: m_Bones.Array.data[6]
      value: 
      objectReference: {fileID: 2792678559932073027}
    - target: {fileID: 4739030910268154724, guid: 3c4ef17b2e52d09429fb27a1b6d0a6b7,
        type: 3}
      propertyPath: m_Bones.Array.data[7]
      value: 
      objectReference: {fileID: 6691201674093817469}
    - target: {fileID: 4739030910268154724, guid: 3c4ef17b2e52d09429fb27a1b6d0a6b7,
        type: 3}
      propertyPath: m_Bones.Array.data[8]
      value: 
      objectReference: {fileID: 5714565192963737926}
    - target: {fileID: 4739030910268154724, guid: 3c4ef17b2e52d09429fb27a1b6d0a6b7,
        type: 3}
      propertyPath: m_Bones.Array.data[9]
      value: 
      objectReference: {fileID: 5274124935284397692}
    - target: {fileID: 4739030910268154724, guid: 3c4ef17b2e52d09429fb27a1b6d0a6b7,
        type: 3}
      propertyPath: m_Bones.Array.data[10]
      value: 
      objectReference: {fileID: 3768400768827788983}
    - target: {fileID: 4739030910268154724, guid: 3c4ef17b2e52d09429fb27a1b6d0a6b7,
        type: 3}
      propertyPath: m_Bones.Array.data[11]
      value: 
      objectReference: {fileID: 7423478138318113752}
    - target: {fileID: 4739030910268154724, guid: 3c4ef17b2e52d09429fb27a1b6d0a6b7,
        type: 3}
      propertyPath: m_Bones.Array.data[12]
      value: 
      objectReference: {fileID: 6689973224513914203}
    - target: {fileID: 4739030910268154724, guid: 3c4ef17b2e52d09429fb27a1b6d0a6b7,
        type: 3}
      propertyPath: m_Bones.Array.data[13]
      value: 
      objectReference: {fileID: 2256322082475563696}
    - target: {fileID: 4739030910268154724, guid: 3c4ef17b2e52d09429fb27a1b6d0a6b7,
        type: 3}
      propertyPath: m_Bones.Array.data[14]
      value: 
      objectReference: {fileID: 4187444515820388625}
    - target: {fileID: 4739030910268154724, guid: 3c4ef17b2e52d09429fb27a1b6d0a6b7,
        type: 3}
      propertyPath: m_Bones.Array.data[15]
      value: 
      objectReference: {fileID: 7632565283658640757}
    - target: {fileID: 4739030910268154724, guid: 3c4ef17b2e52d09429fb27a1b6d0a6b7,
        type: 3}
      propertyPath: m_Bones.Array.data[16]
      value: 
      objectReference: {fileID: 1142556500176953359}
    - target: {fileID: 4739030910268154724, guid: 3c4ef17b2e52d09429fb27a1b6d0a6b7,
        type: 3}
      propertyPath: m_Bones.Array.data[17]
      value: 
      objectReference: {fileID: 7749808053176518655}
    - target: {fileID: 4739030910268154724, guid: 3c4ef17b2e52d09429fb27a1b6d0a6b7,
        type: 3}
      propertyPath: m_Bones.Array.data[18]
      value: 
      objectReference: {fileID: 3298040737733565394}
    - target: {fileID: 4739030910268154724, guid: 3c4ef17b2e52d09429fb27a1b6d0a6b7,
        type: 3}
      propertyPath: m_Bones.Array.data[19]
      value: 
      objectReference: {fileID: 948896906240881118}
    - target: {fileID: 4739030910268154724, guid: 3c4ef17b2e52d09429fb27a1b6d0a6b7,
        type: 3}
      propertyPath: m_Bones.Array.data[20]
      value: 
      objectReference: {fileID: 5311272517841323115}
    - target: {fileID: 4739030910268154724, guid: 3c4ef17b2e52d09429fb27a1b6d0a6b7,
        type: 3}
      propertyPath: m_Bones.Array.data[21]
      value: 
      objectReference: {fileID: 8468895052633975392}
    - target: {fileID: 4739030910268154724, guid: 3c4ef17b2e52d09429fb27a1b6d0a6b7,
        type: 3}
      propertyPath: m_Bones.Array.data[22]
      value: 
      objectReference: {fileID: 4807856294294518182}
    - target: {fileID: 4739030910268154724, guid: 3c4ef17b2e52d09429fb27a1b6d0a6b7,
        type: 3}
      propertyPath: m_Bones.Array.data[23]
      value: 
      objectReference: {fileID: 3080530105564648400}
    - target: {fileID: 4739030910268154724, guid: 3c4ef17b2e52d09429fb27a1b6d0a6b7,
        type: 3}
      propertyPath: m_Bones.Array.data[24]
      value: 
      objectReference: {fileID: 1305140570764545038}
    - target: {fileID: 4739030910268154724, guid: 3c4ef17b2e52d09429fb27a1b6d0a6b7,
        type: 3}
      propertyPath: m_Bones.Array.data[25]
      value: 
      objectReference: {fileID: 1291081765502100622}
    - target: {fileID: 4739030910268154724, guid: 3c4ef17b2e52d09429fb27a1b6d0a6b7,
        type: 3}
      propertyPath: m_Bones.Array.data[26]
      value: 
      objectReference: {fileID: 2358442982985586569}
    - target: {fileID: 4739030910268154724, guid: 3c4ef17b2e52d09429fb27a1b6d0a6b7,
        type: 3}
      propertyPath: m_Bones.Array.data[27]
      value: 
      objectReference: {fileID: 392459413228414552}
    - target: {fileID: 4739030910268154724, guid: 3c4ef17b2e52d09429fb27a1b6d0a6b7,
        type: 3}
      propertyPath: m_Bones.Array.data[28]
      value: 
      objectReference: {fileID: 6093622019500414653}
    - target: {fileID: 4739030910268154724, guid: 3c4ef17b2e52d09429fb27a1b6d0a6b7,
        type: 3}
      propertyPath: m_Bones.Array.data[29]
      value: 
      objectReference: {fileID: 1939789897455753042}
    - target: {fileID: 4739030910268154724, guid: 3c4ef17b2e52d09429fb27a1b6d0a6b7,
        type: 3}
      propertyPath: m_Bones.Array.data[30]
      value: 
      objectReference: {fileID: 2792848664419804540}
    - target: {fileID: 4739030910268154724, guid: 3c4ef17b2e52d09429fb27a1b6d0a6b7,
        type: 3}
      propertyPath: m_Bones.Array.data[31]
      value: 
      objectReference: {fileID: 6560429066285276291}
    - target: {fileID: 4739030910268154724, guid: 3c4ef17b2e52d09429fb27a1b6d0a6b7,
        type: 3}
      propertyPath: m_Bones.Array.data[32]
      value: 
      objectReference: {fileID: 6888628108376194513}
    - target: {fileID: 4739030910268154724, guid: 3c4ef17b2e52d09429fb27a1b6d0a6b7,
        type: 3}
      propertyPath: m_Bones.Array.data[33]
      value: 
      objectReference: {fileID: 3122828167221039862}
    - target: {fileID: 4739030910268154724, guid: 3c4ef17b2e52d09429fb27a1b6d0a6b7,
        type: 3}
      propertyPath: m_RootBone
      value: 
      objectReference: {fileID: 3122828167221039862}
    - target: {fileID: 7520377994066533982, guid: 3c4ef17b2e52d09429fb27a1b6d0a6b7,
        type: 3}
      propertyPath: m_LocalRotation.x
      value: 0.0015415541
      objectReference: {fileID: 0}
    - target: {fileID: 7520377994066533982, guid: 3c4ef17b2e52d09429fb27a1b6d0a6b7,
        type: 3}
      propertyPath: m_LocalRotation.z
      value: 0.023925148
      objectReference: {fileID: 0}
    m_RemovedComponents: []
  m_SourcePrefab: {fileID: 100100000, guid: 3c4ef17b2e52d09429fb27a1b6d0a6b7, type: 3}
--- !u!4 &3122828167221039862 stripped
Transform:
  m_CorrespondingSourceObject: {fileID: 2295907200260737523, guid: 3c4ef17b2e52d09429fb27a1b6d0a6b7,
    type: 3}
  m_PrefabInstance: {fileID: 3785892050919414533}
  m_PrefabAsset: {fileID: 0}
--- !u!4 &1291081765502100622 stripped
Transform:
  m_CorrespondingSourceObject: {fileID: 2693408512083132299, guid: 3c4ef17b2e52d09429fb27a1b6d0a6b7,
    type: 3}
  m_PrefabInstance: {fileID: 3785892050919414533}
  m_PrefabAsset: {fileID: 0}
--- !u!4 &2358442982985586569 stripped
Transform:
  m_CorrespondingSourceObject: {fileID: 1454926179019033740, guid: 3c4ef17b2e52d09429fb27a1b6d0a6b7,
    type: 3}
  m_PrefabInstance: {fileID: 3785892050919414533}
  m_PrefabAsset: {fileID: 0}
--- !u!4 &392459413228414552 stripped
Transform:
  m_CorrespondingSourceObject: {fileID: 3600763154079563101, guid: 3c4ef17b2e52d09429fb27a1b6d0a6b7,
    type: 3}
  m_PrefabInstance: {fileID: 3785892050919414533}
  m_PrefabAsset: {fileID: 0}
--- !u!4 &6093622019500414653 stripped
Transform:
  m_CorrespondingSourceObject: {fileID: 6925080696819338680, guid: 3c4ef17b2e52d09429fb27a1b6d0a6b7,
    type: 3}
  m_PrefabInstance: {fileID: 3785892050919414533}
  m_PrefabAsset: {fileID: 0}
--- !u!4 &1939789897455753042 stripped
Transform:
  m_CorrespondingSourceObject: {fileID: 3342150728897203287, guid: 3c4ef17b2e52d09429fb27a1b6d0a6b7,
    type: 3}
  m_PrefabInstance: {fileID: 3785892050919414533}
  m_PrefabAsset: {fileID: 0}
--- !u!4 &2792848664419804540 stripped
Transform:
  m_CorrespondingSourceObject: {fileID: 1317304897547042425, guid: 3c4ef17b2e52d09429fb27a1b6d0a6b7,
    type: 3}
  m_PrefabInstance: {fileID: 3785892050919414533}
  m_PrefabAsset: {fileID: 0}
--- !u!4 &6560429066285276291 stripped
Transform:
  m_CorrespondingSourceObject: {fileID: 8034812857014159238, guid: 3c4ef17b2e52d09429fb27a1b6d0a6b7,
    type: 3}
  m_PrefabInstance: {fileID: 3785892050919414533}
  m_PrefabAsset: {fileID: 0}
--- !u!4 &6888628108376194513 stripped
Transform:
  m_CorrespondingSourceObject: {fileID: 7715618370305812180, guid: 3c4ef17b2e52d09429fb27a1b6d0a6b7,
    type: 3}
  m_PrefabInstance: {fileID: 3785892050919414533}
  m_PrefabAsset: {fileID: 0}
--- !u!4 &3080530105564648400 stripped
Transform:
  m_CorrespondingSourceObject: {fileID: 2182571315730647253, guid: 3c4ef17b2e52d09429fb27a1b6d0a6b7,
    type: 3}
  m_PrefabInstance: {fileID: 3785892050919414533}
  m_PrefabAsset: {fileID: 0}
--- !u!4 &4807856294294518182 stripped
Transform:
  m_CorrespondingSourceObject: {fileID: 8517115107766575779, guid: 3c4ef17b2e52d09429fb27a1b6d0a6b7,
    type: 3}
  m_PrefabInstance: {fileID: 3785892050919414533}
  m_PrefabAsset: {fileID: 0}
--- !u!4 &948896906240881118 stripped
Transform:
  m_CorrespondingSourceObject: {fileID: 4152627228476353243, guid: 3c4ef17b2e52d09429fb27a1b6d0a6b7,
    type: 3}
  m_PrefabInstance: {fileID: 3785892050919414533}
  m_PrefabAsset: {fileID: 0}
--- !u!4 &8468895052633975392 stripped
Transform:
  m_CorrespondingSourceObject: {fileID: 4687613812349170021, guid: 3c4ef17b2e52d09429fb27a1b6d0a6b7,
    type: 3}
  m_PrefabInstance: {fileID: 3785892050919414533}
  m_PrefabAsset: {fileID: 0}
--- !u!4 &5714565192963737926 stripped
Transform:
  m_CorrespondingSourceObject: {fileID: 8918259789527290435, guid: 3c4ef17b2e52d09429fb27a1b6d0a6b7,
    type: 3}
  m_PrefabInstance: {fileID: 3785892050919414533}
  m_PrefabAsset: {fileID: 0}
--- !u!4 &6691201674093817469 stripped
Transform:
  m_CorrespondingSourceObject: {fileID: 7517031951423419768, guid: 3c4ef17b2e52d09429fb27a1b6d0a6b7,
    type: 3}
  m_PrefabInstance: {fileID: 3785892050919414533}
  m_PrefabAsset: {fileID: 0}
--- !u!4 &6422060918022757400 stripped
Transform:
  m_CorrespondingSourceObject: {fileID: 7896374348731942685, guid: 3c4ef17b2e52d09429fb27a1b6d0a6b7,
    type: 3}
  m_PrefabInstance: {fileID: 3785892050919414533}
  m_PrefabAsset: {fileID: 0}
--- !u!4 &4895123916319090460 stripped
Transform:
  m_CorrespondingSourceObject: {fileID: 8603222770759842841, guid: 3c4ef17b2e52d09429fb27a1b6d0a6b7,
    type: 3}
  m_PrefabInstance: {fileID: 3785892050919414533}
  m_PrefabAsset: {fileID: 0}
--- !u!4 &1176695800512003112 stripped
Transform:
  m_CorrespondingSourceObject: {fileID: 2656638189454812973, guid: 3c4ef17b2e52d09429fb27a1b6d0a6b7,
    type: 3}
  m_PrefabInstance: {fileID: 3785892050919414533}
  m_PrefabAsset: {fileID: 0}
--- !u!4 &5274124935284397692 stripped
Transform:
  m_CorrespondingSourceObject: {fileID: 9059910307671887225, guid: 3c4ef17b2e52d09429fb27a1b6d0a6b7,
    type: 3}
  m_PrefabInstance: {fileID: 3785892050919414533}
  m_PrefabAsset: {fileID: 0}
--- !u!4 &426999915970394087 stripped
Transform:
  m_CorrespondingSourceObject: {fileID: 3559870012196891874, guid: 3c4ef17b2e52d09429fb27a1b6d0a6b7,
    type: 3}
  m_PrefabInstance: {fileID: 3785892050919414533}
  m_PrefabAsset: {fileID: 0}
--- !u!4 &1187218421010621403 stripped
Transform:
  m_CorrespondingSourceObject: {fileID: 2662727020691437790, guid: 3c4ef17b2e52d09429fb27a1b6d0a6b7,
    type: 3}
  m_PrefabInstance: {fileID: 3785892050919414533}
  m_PrefabAsset: {fileID: 0}
--- !u!4 &2792678559932073027 stripped
Transform:
  m_CorrespondingSourceObject: {fileID: 1318330494774878022, guid: 3c4ef17b2e52d09429fb27a1b6d0a6b7,
    type: 3}
  m_PrefabInstance: {fileID: 3785892050919414533}
  m_PrefabAsset: {fileID: 0}
--- !u!4 &5311272517841323115 stripped
Transform:
  m_CorrespondingSourceObject: {fileID: 9025036588764946286, guid: 3c4ef17b2e52d09429fb27a1b6d0a6b7,
    type: 3}
  m_PrefabInstance: {fileID: 3785892050919414533}
  m_PrefabAsset: {fileID: 0}
--- !u!4 &6783137755036190091 stripped
Transform:
  m_CorrespondingSourceObject: {fileID: 7685598486506495630, guid: 3c4ef17b2e52d09429fb27a1b6d0a6b7,
    type: 3}
  m_PrefabInstance: {fileID: 3785892050919414533}
  m_PrefabAsset: {fileID: 0}
--- !u!4 &9047107863683522035 stripped
Transform:
  m_CorrespondingSourceObject: {fileID: 5262447815677249270, guid: 3c4ef17b2e52d09429fb27a1b6d0a6b7,
    type: 3}
  m_PrefabInstance: {fileID: 3785892050919414533}
  m_PrefabAsset: {fileID: 0}
--- !u!4 &7749808053176518655 stripped
Transform:
  m_CorrespondingSourceObject: {fileID: 6847417149117078778, guid: 3c4ef17b2e52d09429fb27a1b6d0a6b7,
    type: 3}
  m_PrefabInstance: {fileID: 3785892050919414533}
  m_PrefabAsset: {fileID: 0}
--- !u!4 &1142556500176953359 stripped
Transform:
  m_CorrespondingSourceObject: {fileID: 4274230327886134026, guid: 3c4ef17b2e52d09429fb27a1b6d0a6b7,
    type: 3}
  m_PrefabInstance: {fileID: 3785892050919414533}
  m_PrefabAsset: {fileID: 0}
--- !u!4 &3768400768827788983 stripped
Transform:
  m_CorrespondingSourceObject: {fileID: 55798340495660466, guid: 3c4ef17b2e52d09429fb27a1b6d0a6b7,
    type: 3}
  m_PrefabInstance: {fileID: 3785892050919414533}
  m_PrefabAsset: {fileID: 0}
--- !u!4 &2256322082475563696 stripped
Transform:
  m_CorrespondingSourceObject: {fileID: 3159873521058152885, guid: 3c4ef17b2e52d09429fb27a1b6d0a6b7,
    type: 3}
  m_PrefabInstance: {fileID: 3785892050919414533}
  m_PrefabAsset: {fileID: 0}
--- !u!4 &1305140570764545038 stripped
Transform:
  m_CorrespondingSourceObject: {fileID: 2780685437182269195, guid: 3c4ef17b2e52d09429fb27a1b6d0a6b7,
    type: 3}
  m_PrefabInstance: {fileID: 3785892050919414533}
  m_PrefabAsset: {fileID: 0}
--- !u!4 &3298040737733565394 stripped
Transform:
  m_CorrespondingSourceObject: {fileID: 1823621745452941527, guid: 3c4ef17b2e52d09429fb27a1b6d0a6b7,
    type: 3}
  m_PrefabInstance: {fileID: 3785892050919414533}
  m_PrefabAsset: {fileID: 0}
--- !u!4 &7423478138318113752 stripped
Transform:
  m_CorrespondingSourceObject: {fileID: 6021117856799953117, guid: 3c4ef17b2e52d09429fb27a1b6d0a6b7,
    type: 3}
  m_PrefabInstance: {fileID: 3785892050919414533}
  m_PrefabAsset: {fileID: 0}
--- !u!4 &6689973224513914203 stripped
Transform:
  m_CorrespondingSourceObject: {fileID: 7520377994066533982, guid: 3c4ef17b2e52d09429fb27a1b6d0a6b7,
    type: 3}
  m_PrefabInstance: {fileID: 3785892050919414533}
  m_PrefabAsset: {fileID: 0}
--- !u!4 &7632565283658640757 stripped
Transform:
  m_CorrespondingSourceObject: {fileID: 6730173812797961840, guid: 3c4ef17b2e52d09429fb27a1b6d0a6b7,
    type: 3}
  m_PrefabInstance: {fileID: 3785892050919414533}
  m_PrefabAsset: {fileID: 0}
--- !u!4 &4187444515820388625 stripped
Transform:
  m_CorrespondingSourceObject: {fileID: 1051302831369689620, guid: 3c4ef17b2e52d09429fb27a1b6d0a6b7,
    type: 3}
  m_PrefabInstance: {fileID: 3785892050919414533}
  m_PrefabAsset: {fileID: 0}
